@article{zhang2021role,
  title={The Role of Non-coding RNAs in Alzheimer’s Disease: From Regulated Mechanism to Therapeutic Targets and Diagnostic Biomarkers},
  author={Zhang, Yuan and Zhao, Yanfang and Ao, Xiang and Yu, Wanpeng and Zhang, Lei and Wang, Yu and Chang, Wenguang},
  journal={Frontiers in Aging Neuroscience},
  pages={384},
  year={2021},
  publisher={Frontiers}
}
@article{li2018identification,
  title={Identification of the biological affection of long noncoding RNA BC200 in Alzheimer’s disease},
  author={Li, Huanyin and Zheng, Lan and Jiang, Aihua and Mo, Yankqing and Gong, Qi},
  journal={Neuroreport},
  volume={29},
  number={13},
  pages={1061--1067},
  year={2018},
  publisher={Wolters Kluwer}
}
@article{mus2007dendritic,
  title={Dendritic BC200 RNA in aging and in Alzheimer's disease},
  author={Mus, El and Hof, Patrick R and Tiedge, Henri},
  journal={Proceedings of the National Academy of Sciences},
  volume={104},
  number={25},
  pages={10679--10684},
  year={2007},
  publisher={National Acad Sciences}
}
@article{tiedge1993primary,
  title={Primary structure, neural-specific expression, and dendritic location of human BC200 RNA},
  author={Tiedge, Henri and Chen, Wei and Brosius, Jiirgen},
  journal={Journal of Neuroscience},
  volume={13},
  number={6},
  pages={2382--2390},
  year={1993},
  publisher={Soc Neuroscience}
}
