@article{luo2016long,
  title     = {Long noncoding RNAs and Alzheimer’s disease},
  author    = {Luo, Qiong and Chen, Yinghui},
  journal   = {Clinical interventions in aging},
  volume    = {11},
  pages     = {867},
  year      = {2016},
  publisher = {Dove Press}
}

@article{amirmahani2018phylogenetic,
  title     = {Phylogenetic analysis of three long non-coding RNA genes: AK082072, AK043754 and AK082467},
  author    = {Amirmahani, Farzane and Jamshidi Goharrizi, Kiarash},
  journal   = {Journal of Genetic Resources},
  volume    = {4},
  number    = {1},
  pages     = {56--64},
  year      = {2018},
  publisher = {University of Mazandaran}
}

@article{tamura2021mega11,
  title     = {MEGA11: molecular evolutionary genetics analysis version 11},
  author    = {Tamura, Koichiro and Stecher, Glen and Kumar, Sudhir},
  journal   = {Molecular Biology and Evolution},
  volume    = {38},
  number    = {7},
  pages     = {3022--3027},
  year      = {2021},
  publisher = {Oxford University Press}
}

@article{hall2013building,
  title     = {Building phylogenetic trees from molecular data with MEGA},
  author    = {Hall, Barry G},
  journal   = {Molecular biology and evolution},
  volume    = {30},
  number    = {5},
  pages     = {1229--1235},
  year      = {2013},
  publisher = {Society for Molecular Biology and Evolution}
}

@article{moore2013asynchronous,
  title     = {Asynchronous evolutionary origins of A$\beta$ and BACE1},
  author    = {Moore, D Blaine and Gillentine, Madelyn A and Botezatu, Nathalie M and Wilson, Kyle A and Benson, Ashley E and Langeland, James A},
  journal   = {Molecular biology and evolution},
  volume    = {31},
  number    = {3},
  pages     = {696--702},
  year      = {2013},
  publisher = {Society for Molecular Biology and Evolution}
}

@misc{AlzheimersDisease,
  author       = {},
  title        = {Alzheimer's Disease | Disease or Condition of the Week | CDC},
  howpublished = {\url{https://www.cdc.gov/dotw/alzheimers/index.html#:~:text=Alzheimer's%20disease%20is%20the%20most,of%20death%20for%20all%20adults.}},
  month        = {June},
  year         = {2021},
  note         = {(Accessed on 10/19/2021)}
}

@misc{ADcanada,
  author       = {},
  title        = {Alzheimer's and Dementia in Canada},
  howpublished = {\url{https://www.alz.org/ca/dementia-alzheimers-canada.asp}},
  month        = {},
  year         = {2021},
  note         = {(Accessed on 10/19/2021)}
}

@misc{madden2012blast,
  title  = {Chapter 16: The BLAST Sequence Analysis Tool, The NCBI Handbook (2002)},
  author = {Madden, T},
  year   = {2012}
}

@misc{blastTool,
  author       = {},
  title        = {Nucleotide BLAST: Search nucleotide databases using a nucleotide query},
  howpublished = {\url{https://blast.ncbi.nlm.nih.gov/Blast.cgi?PROGRAM=blastn&PAGE_TYPE=BlastSearch&LINK_LOC=blasthome}},
  month        = {},
  year         = {},
  note         = {(Accessed on 10/20/2021)}
}

@article{finch2015commentary,
  title     = {Commentary: is Alzheimer's disease uniquely human?},
  author    = {Finch, Caleb E and Austad, Steven N},
  journal   = {Neurobiology of aging},
  volume    = {36},
  number    = {2},
  pages     = {553--555},
  year      = {2015},
  publisher = {Elsevier}
}

@incollection{gruber2010rnaz,
  title     = {RNAz 2.0: improved noncoding RNA detection},
  author    = {Gruber, Andreas R and Findei{\ss}, Sven and Washietl, Stefan and Hofacker, Ivo L and Stadler, Peter F},
  booktitle = {Biocomputing 2010},
  pages     = {69--79},
  year      = {2010},
  publisher = {World Scientific}
}

@article{rybak2021rna,
  title     = {RNA dynamics in Alzheimer’s disease},
  author    = {Rybak-Wolf, Agnieszka and Plass, Mireya},
  journal   = {Molecules},
  volume    = {26},
  number    = {17},
  pages     = {5113},
  year      = {2021},
  publisher = {Multidisciplinary Digital Publishing Institute}
}

@article{zhang2021role,
  title     = {The Role of Non-coding RNAs in Alzheimer’s Disease: From Regulated Mechanism to Therapeutic Targets and Diagnostic Biomarkers},
  author    = {Zhang, Yuan and Zhao, Yanfang and Ao, Xiang and Yu, Wanpeng and Zhang, Lei and Wang, Yu and Chang, Wenguang},
  journal   = {Frontiers in Aging Neuroscience},
  pages     = {384},
  year      = {2021},
  publisher = {Frontiers}
}

@article{mus2007dendritic,
  title     = {Dendritic BC200 RNA in aging and in Alzheimer's disease},
  author    = {Mus, El and Hof, Patrick R and Tiedge, Henri},
  journal   = {Proceedings of the National Academy of Sciences},
  volume    = {104},
  number    = {25},
  pages     = {10679--10684},
  year      = {2007},
  publisher = {National Acad Sciences}
}

@article{tiedge1993primary,
  title     = {Primary structure, neural-specific expression, and dendritic location of human BC200 RNA},
  author    = {Tiedge, Henri and Chen, Wei and Brosius, Jiirgen},
  journal   = {Journal of Neuroscience},
  volume    = {13},
  number    = {6},
  pages     = {2382--2390},
  year      = {1993},
  publisher = {Soc Neuroscience}
}

@article{li2018identification,
  title     = {Identification of the biological affection of long noncoding RNA BC200 in Alzheimer’s disease},
  author    = {Li, Huanyin and Zheng, Lan and Jiang, Aihua and Mo, Yankqing and Gong, Qi},
  journal   = {Neuroreport},
  volume    = {29},
  number    = {13},
  pages     = {1061--1067},
  year      = {2018},
  publisher = {Wolters Kluwer}
}

@article{jung2014rna,
  title     = {RNA recognition by a human antibody against brain cytoplasmic 200 RNA},
  author    = {Jung, Euihan and Lee, Jungmin and Hong, Hyo Jeong and Park, Insoo and Lee, Younghoon},
  journal   = {Rna},
  volume    = {20},
  number    = {6},
  pages     = {805--814},
  year      = {2014},
  publisher = {Cold Spring Harbor Lab}
}

@article{weichenrieder2000structure,
  title     = {Structure and assembly of the Alu domain of the mammalian signal recognition particle},
  author    = {Weichenrieder, Oliver and Wild, Klemens and Strub, Katharina and Cusack, Stephen},
  journal   = {Nature},
  volume    = {408},
  number    = {6809},
  pages     = {167--173},
  year      = {2000},
  publisher = {Nature Publishing Group}
}

@misc{alzheimersSigns,
  author       = {},
  title        = {What Are the Signs of Alzheimer's Disease? | National Institute on Aging},
  howpublished = {\url{https://www.nia.nih.gov/health/what-are-signs-alzheimers-disease}},
  month        = {May},
  year         = {2017},
  note         = {(Accessed on 11/21/2021)}
}

@article{morgulis2008database,
  title     = {Database indexing for production MegaBLAST searches},
  author    = {Morgulis, Aleksandr and Coulouris, George and Raytselis, Yan and Madden, Thomas L and Agarwala, Richa and Sch{\"a}ffer, Alejandro A},
  journal   = {Bioinformatics},
  volume    = {24},
  number    = {16},
  pages     = {1757--1764},
  year      = {2008},
  publisher = {Oxford University Press}
}

@article{kerpedjiev2015forna,
  title     = {Forna (force-directed RNA): Simple and effective online RNA secondary structure diagrams},
  author    = {Kerpedjiev, Peter and Hammer, Stefan and Hofacker, Ivo L},
  journal   = {Bioinformatics},
  volume    = {31},
  number    = {20},
  pages     = {3377--3379},
  year      = {2015},
  publisher = {Oxford University Press}
}

@article{tamura1993estimation,
  title   = {Estimation of the number of nucleotide substitutions in the control region of mitochondrial DNA in humans and chimpanzees.},
  author  = {Tamura, Koichiro and Nei, Masatoshi},
  journal = {Molecular biology and evolution},
  volume  = {10},
  number  = {3},
  pages   = {512--526},
  year    = {1993}
}

@article{tamura2004prospects,
  title     = {Prospects for inferring very large phylogenies by using the neighbor-joining method},
  author    = {Tamura, Koichiro and Nei, Masatoshi and Kumar, Sudhir},
  journal   = {Proceedings of the National Academy of Sciences},
  volume    = {101},
  number    = {30},
  pages     = {11030--11035},
  year      = {2004},
  publisher = {National Acad Sciences}
}

@article{kimura1974some,
  title={On some principles governing molecular evolution},
  author={Kimura, Motoo and Ohta, Tomoko},
  journal={Proceedings of the National Academy of Sciences},
  volume={71},
  number={7},
  pages={2848--2852},
  year={1974},
  publisher={National Acad Sciences}
}

@article{johnsson2014evolutionary,
  title={Evolutionary conservation of long non-coding RNAs; sequence, structure, function},
  author={Johnsson, Per and Lipovich, Leonard and Grand{\'e}r, Dan and Morris, Kevin V},
  journal={Biochimica et Biophysica Acta (BBA)-General Subjects},
  volume={1840},
  number={3},
  pages={1063--1071},
  year={2014},
  publisher={Elsevier}
}

@article{dombroski1994vivo,
  title={An in vivo assay for the reverse transcriptase of human retrotransposon L1 in Saccharomyces cerevisiae},
  author={Dombroski, Beth A and Feng, Qinghua and Mathias, Stephen L and Sassaman, Donna M and Scott, Alan F and Kazazian Jr, Haig H and Boeke, Jef D},
  journal={Molecular and cellular biology},
  volume={14},
  number={7},
  pages={4485--4492},
  year={1994},
  publisher={Am Soc Microbiol}
}

@article{madeira2019embl,
  title={The EMBL-EBI search and sequence analysis tools APIs in 2019},
  author={Madeira, F{\'a}bio and Park, Young Mi and Lee, Joon and Buso, Nicola and Gur, Tamer and Madhusoodanan, Nandana and Basutkar, Prasad and Tivey, Adrian RN and Potter, Simon C and Finn, Robert D and others},
  journal={Nucleic acids research},
  volume={47},
  number={W1},
  pages={W636--W641},
  year={2019},
  publisher={Oxford University Press}
}
