% CORE REFERNCES

@article{luo2016long,
  title     = {Long noncoding RNAs and Alzheimer’s disease},
  author    = {Luo, Qiong and Chen, Yinghui},
  journal   = {Clinical interventions in aging},
  volume    = {11},
  pages     = {867},
  year      = {2016},
  publisher = {Dove Press}
}

@article{amirmahani2018phylogenetic,
  title     = {Phylogenetic analysis of three long non-coding RNA genes: AK082072, AK043754 and AK082467},
  author    = {Amirmahani, Farzane and Jamshidi Goharrizi, Kiarash},
  journal   = {Journal of Genetic Resources},
  volume    = {4},
  number    = {1},
  pages     = {56--64},
  year      = {2018},
  publisher = {University of Mazandaran}
}

@article{tamura2021mega11,
  title     = {MEGA11: molecular evolutionary genetics analysis version 11},
  author    = {Tamura, Koichiro and Stecher, Glen and Kumar, Sudhir},
  journal   = {Molecular Biology and Evolution},
  volume    = {38},
  number    = {7},
  pages     = {3022--3027},
  year      = {2021},
  publisher = {Oxford University Press}
}

@article{hall2013building,
  title     = {Building phylogenetic trees from molecular data with MEGA},
  author    = {Hall, Barry G},
  journal   = {Molecular biology and evolution},
  volume    = {30},
  number    = {5},
  pages     = {1229--1235},
  year      = {2013},
  publisher = {Society for Molecular Biology and Evolution}
}

@article{moore2013asynchronous,
  title     = {Asynchronous evolutionary origins of A$\beta$ and BACE1},
  author    = {Moore, D Blaine and Gillentine, Madelyn A and Botezatu, Nathalie M and Wilson, Kyle A and Benson, Ashley E and Langeland, James A},
  journal   = {Molecular biology and evolution},
  volume    = {31},
  number    = {3},
  pages     = {696--702},
  year      = {2013},
  publisher = {Society for Molecular Biology and Evolution}
}

@misc{AlzheimersDisease,
  author       = {},
  title        = {Alzheimer's Disease | Disease or Condition of the Week | CDC},
  howpublished = {\url{https://www.cdc.gov/dotw/alzheimers/index.html::text=Alzheimer's%20cdisease%20is%20the%20most,of%20death%20for%20all%20adults.}},
  month        = {},
  year         = {},
  note         = {(Accessed on 10/19/2021)}
}

@misc{ADcanada,
  author       = {},
  title        = {Alzheimer's and Dementia in Canada},
  howpublished = {\url{https://www.alz.org/ca/dementia-alzheimers-canada.asp}},
  month        = {},
  year         = {},
  note         = {(Accessed on 10/19/2021)}
}

@misc{madden2012blast,
  title  = {Chapter 16: The BLAST Sequence Analysis Tool, The NCBI Handbook (2002)},
  author = {Madden, T},
  year   = {2012}
}

@misc{blastTool,
  author       = {},
  title        = {Nucleotide BLAST: Search nucleotide databases using a nucleotide query},
  howpublished = {\url{https://blast.ncbi.nlm.nih.gov/Blast.cgi?PROGRAM=blastn&PAGE_TYPE=BlastSearch&LINK_LOC=blasthome}},
  month        = {},
  year         = {},
  note         = {(Accessed on 10/20/2021)}
}

@article{finch2015commentary,
  title={Commentary: is Alzheimer's disease uniquely human?},
  author={Finch, Caleb E and Austad, Steven N},
  journal={Neurobiology of aging},
  volume={36},
  number={2},
  pages={553--555},
  year={2015},
  publisher={Elsevier}
}

@incollection{gruber2010rnaz,
  title={RNAz 2.0: improved noncoding RNA detection},
  author={Gruber, Andreas R and Findei{\ss}, Sven and Washietl, Stefan and Hofacker, Ivo L and Stadler, Peter F},
  booktitle={Biocomputing 2010},
  pages={69--79},
  year={2010},
  publisher={World Scientific}
}

% POSSIBLY RELATED

@article{rybak2021rna,
  title     = {RNA dynamics in Alzheimer’s disease},
  author    = {Rybak-Wolf, Agnieszka and Plass, Mireya},
  journal   = {Molecules},
  volume    = {26},
  number    = {17},
  pages     = {5113},
  year      = {2021},
  publisher = {Multidisciplinary Digital Publishing Institute}
}

@article{li2018identification,
  title     = {Identification of the biological affection of long noncoding RNA BC200 in Alzheimer’s disease},
  author    = {Li, Huanyin and Zheng, Lan and Jiang, Aihua and Mo, Yankqing and Gong, Qi},
  journal   = {Neuroreport},
  volume    = {29},
  number    = {13},
  pages     = {1061--1067},
  year      = {2018},
  publisher = {Wolters Kluwer}
}