@article{rybak2021rna,
  title={RNA dynamics in Alzheimer’s disease},
  author={Rybak-Wolf, Agnieszka and Plass, Mireya},
  journal={Molecules},
  volume={26},
  number={17},
  pages={5113},
  year={2021},
  publisher={Multidisciplinary Digital Publishing Institute}
}

@article{luo2016long,
  title={Long noncoding RNAs and Alzheimer’s disease},
  author={Luo, Qiong and Chen, Yinghui},
  journal={Clinical interventions in aging},
  volume={11},
  pages={867},
  year={2016},
  publisher={Dove Press}
}